% This file was created with JabRef 2.10.
% Encoding: Cp1252


@Book{HardTime,
  Title                    = {Doing Hard Time},
  Author                   = {Bruce Powel Douglass},
  Publisher                = {Addison-Wesley},

  Owner                    = {SamirAlexis},
  Timestamp                = {2016.07.10}
}

@TechReport{Mrosekb,
  Title                    = {Model-based Estimation and Control of the Intake Gas Composition for Turbocharged Diesel Engines with High- and Low-Pressure EGR},
  Author                   = {M. Mrosek, R. Isermann},
  Year                     = {2010b},

  Address                  = {10. Internationales Stuttgarter Symposium, Stuttgart, Deutschland},
  Month                    = {16.-17.03},

  Owner                    = {revelocordoba},
  Timestamp                = {2013.09.08}
}

@TechReport{Mroseka,
  Title                    = {On the Parametrisation of Turbocharger Power and Heat Transfer Models},
  Author                   = {M. Mrosek , R. Isermann},
  Year                     = {2010a},

  Address                  = {IFAC Symposium Advances in Automotive Control},

  Owner                    = {revelocordoba},
  Timestamp                = {2013.09.08}
}

@Book{GrundlVerbr_Buch,
  Title                    = {Grundlagen Verbrennungsmotoren - Simulation der Gemischbildung, Verbrennung, Schadstoffbilfung und Aufladung.},
  Author                   = {Merker, Günter P.(Hrsg.); Schwarz, Christian(Hrsg.)},
  Publisher                = {View+Teubner},
  Year                     = {2009},

  Address                  = {Wiesbaden},
  Volume                   = {4. Auflage},

  Owner                    = {revelocordoba},
  Timestamp                = {2013.09.05}
}

@PhdThesis{Naumann,
  Title                    = {Wissensbasierte Optimierungsstrategien für elektronische Steuergeräte an Common-Rail-Dieselmotoren},
  Author                   = {T. Naumann},
  School                   = {Technische Unitversität Berlin},
  Year                     = {2002},

  Address                  = {Berlin},

  Owner                    = {revelocordoba},
  Timestamp                = {2013.09.21}
}

@Unpublished{GODLIKE,
  Title                    = {Programmdokumentation GODLIKE},
  Author                   = {R. Oldenhuis},

  Owner                    = {revelocordoba},
  Timestamp                = {2013.09.18}
}

@Book{Pischinger,
  Title                    = {Thermodynamik der Verbrennungskraftmaschine},
  Author                   = {R. Pischinger,M. Klell, T. Sams},
  Publisher                = {Springer Wien NewYork},
  Year                     = {2009},
  Volume                   = {3. Auflage},

  Owner                    = {revelocordoba},
  Timestamp                = {2013.09.10}
}

@PhdThesis{Seewaldt,
  Title                    = {Entwicklung einer Funktionsstruktur für die zylinderdruckbasierte Regelung der teilhomogenen Dieselverbrennung},
  Author                   = {S. Seewaldt},
  School                   = {Universität Stuttgart},
  Year                     = {2013},

  Address                  = {Institut für Verbrennungsmotoren und Kraftfahrwesen der Universität Stuttgart},
  Month                    = {Februar},

  Owner                    = {revelocordoba},
  Timestamp                = {2013.10.22}
}

@PhdThesis{Zahn,
  Title                    = {Arbeitsspielaufgelöste Modellbildung und Hardware-in-the-Loop-Simulation von Pkw-Dieselmotoren mit Abgasturboaufladung},
  Author                   = {S. Zahn},
  School                   = {Technische Universität Darmstadt},
  Year                     = {2012},

  Address                  = {Darmstadt, Deutschland},
  Month                    = {April},

  Owner                    = {revelocordoba},
  Timestamp                = {2013.09.05}
}

@Unpublished{Zydek,
  Title                    = {Modellbasierte Optimierung von dynamischen Lastwechselübergängen und modellbasierte Emissionsregelung eines Diesel-Verbrennungsmotors},
  Author                   = {S. Zydek},
  Note                     = {Studienarbeit},

  Month                    = {November},
  Year                     = {2010},

  Abstract                 = {Technische Universität Darmstadt},
  Owner                    = {revelocordoba},
  Timestamp                = {2013.09.18}
}

