% This file was created with JabRef 2.6.
% Encoding: Cp1252

@BOOK{Richtlinien,
  title = {Richtlinien zur Anfertigung von Studien- und
	
	 Diplomarbeiten},
  publisher = {Institut für Automatisierungstechnik der Technischen Universität
	Darmstadt},
  year = {2005},
  author = {IAT (Hrsg.)},
  owner = {dschmitt},
  timestamp = {2010.07.16}
}

@BOOK{AdamyRT2,
  title = {Systemdynamik und Regelungstechnik II},
  publisher = {Shaker},
  year = {2007},
  author = {Adamy, Jürgen},
  owner = {elenz},
  timestamp = {2008.03.18}
}

@BOOK{AdamyRT3,
  title = {Systemdynamik und Regelungstechnik III},
  publisher = {Shaker},
  year = {2007},
  author = {Adamy, Jürgen},
  owner = {elenz},
  timestamp = {2008.03.18}
}

@BOOK{DIN1338,
  title = {Formelschreibweise und Formelsatz},
  publisher = {Beuth-Verlag},
  year = {1996},
  author = {DIN1338},
  volume = {Ausgabe 1996-08},
  address = {Berlin},
  owner = {dschmitt},
  timestamp = {2010.07.16}
}

@BOOK{Duden,
  title = {Die deutsche Rechtschreibung},
  publisher = {Dudenverlag},
  year = {2004},
  author = {Duden},
  volume = {23.~Auflage},
  address = {Mannheim},
  owner = {dschmitt},
  timestamp = {2010.07.16}
}

@MANUAL{pgfplots,
  title = {Manual for Package PGFPLOTS --
	
	2D/3D Plots in \LaTeX, Version 1.5.1},
  author = {Feuersänger, Christian},
  month = {Dezember},
  year = {2011},
  abstract = {pgfplots draws high-quality function plots in normal or logarithmic
	scaling with a user-friendly
	
	interface directly in TEX. The user supplies axis labels, legend entries
	and the plot coordinates for one
	
	or more plots and pgfplots applies axis scaling, computes any logarithms
	and axis ticks and draws the
	
	plots. It supports line plots, scatter plots, piecewise constant plots,
	bar plots, area plots, mesh- and
	
	surface plots, patch plots, contour plots, quiver plots, histogram
	plots, polar axes, ternary diagrams,
	
	smith charts and some more. It is based on Till Tantau's package pgf/TikZ.},
  publisher = {Springer}
}

@BOOK{Finckenstein2002,
  title = {Arbeitsbuch Mathematik für Ingenieure},
  publisher = {Springer},
  year = {2002},
  author = {von Finckenstein, Karl Graf Finck and Lehn, Jürgen and Schellhaas,
	Helmut and Wegmann, Helmut},
  volume = {II},
  owner = {elenz},
  timestamp = {2008.04.22}
}

@BOOK{Friedrich,
  title = {Schriftliche Arbeiten im technisch-naturwissenschaftlichen Studium},
  publisher = {Duden Taschenbücher, Bibliographisches Institut},
  year = {1997},
  author = {Christoph Friedrich},
  address = {Mannheim},
  owner = {dschmitt},
  timestamp = {2010.07.16}
}

@BOOK{MIMO_SS_Koni,
  title = {Mehrgrößenreglerentwurf im Zustandsraum},
  publisher = {Skript},
  year = {2007},
  author = {Ulrich Konigorski},
  address = {Darmstadt},
  owner = {elenz},
  timestamp = {2008.05.09}
}

@BOOK{Kopka,
  title = {\LaTeX. Band~1 -- Einführung},
  publisher = {Pearson Studium},
  year = {2005},
  author = {Helmut Kopka},
  volume = {3.,~überarbeitete Auflage},
  address = {München},
  edition = {3. überarb.},
  owner = {dschmitt},
  timestamp = {2010.07.16}
}

@BOOK{Lunze1,
  title = {Regelungstechnik 1},
  publisher = {Springer},
  year = {2007},
  author = {Lunze, Jan},
  address = {Berlin etc.},
  edition = {6},
  keywords = {LZI, SISO, Zustandsraum, Grundlagen RT},
  owner = {elenz},
  timestamp = {2008.01.03}
}

@BOOK{Lunze2,
  title = {Regelungstechnik 2},
  publisher = {Springer},
  year = {2006},
  author = {Lunze, Jan},
  address = {Berlin etc.},
  edition = {4.},
  keywords = {LZI, MIMO, Digitale Regelung},
  owner = {elenz},
  timestamp = {2008.01.03}
}

@BOOK{Schmidt,
  title = {\LaTeXe-Kurzbeschreibung},
  publisher = {Online-Dokument \\
	
	\texttt{ftp://dante.ctan.org/tex-archive/info/lshort/}, Version 2.3},
  year = {2003},
  author = {Walter Schmidt},
  owner = {dschmitt},
  timestamp = {2010.07.16}
}

@MANUAL{TikZ,
  title = {The TikZ and PGF Packages -- 
	
	Manual for version 2.10},
  author = {Til Tantau},
  organization = {Institut für Theoretische Informatik},
  address = {Universität zu Lübeck},
  month = {Oktober},
  year = {2010},
  comment = {ISBN: 3-540-12848-4},
  owner = {elenz},
  publisher = {Springer},
  timestamp = {2008.12.01}
}

@BOOK{Willberg,
  title = {Erste Hilfe in Typografie},
  publisher = {Verlag Hermann Schmidt},
  year = {2000},
  author = {Hans Peter Willberg and Friedrich Forssman},
  address = {Mainz},
  owner = {dschmitt},
  timestamp = {2010.07.16}
}

@BOOK{Zurmuehl1984,
  title = {Matrizen und ihre Anwendungen für Mathematiker, Physiker und Ingenieure
	
	Teil 1: Grundlagen},
  publisher = {Springer},
  year = {1984},
  author = {Zurmühl, Rudolf and Falk, Sigurd},
  address = {Berlin, Heidelberg, New York, Tokyo},
  edition = {5.},
  comment = {ISBN: 3-540-12848-4},
  owner = {elenz},
  timestamp = {2008.12.01}
}

@MANUAL{APB,
  title = {Allgemeine Prüfungsbestimmungen der Technischen Universität Darmstadt
	(APB) vom 19.04.2004 (Staatsanzeiger Nr. 25 vom 21. Juni 2004, S.
	1998) in der Fassung der 3. Novelle vom 11.02.2009 (Satzungsbeilage
	1/09, S. 3)},
  organization = {Technische Universität Darmstadt},
  institution = {Technische Universität Darmstadt},
  owner = {gruen},
  timestamp = {2012.03.12}
}

@comment{jabref-meta: selector_publisher:}

@comment{jabref-meta: selector_author:}

@comment{jabref-meta: selector_journal:}

@comment{jabref-meta: selector_keywords:Mathematik;SVP;}

